@BOOK{Ma72,
    AUTHOR = {May, J. P.},
     TITLE = {The geometry of iterated loop spaces},
      NOTE = {Lectures Notes in Mathematics, Vol. 271},
 PUBLISHER = {Springer-Verlag, Berlin-New York},
      YEAR = {1972},
     PAGES = {viii+175},
   MRCLASS = {55D35},
  MRNUMBER = {0420610},
MRREVIEWER = {J. Stasheff},
}


@ARTICLE{ArCh,
    AUTHOR = {Arone, Greg and Ching, Michael},
     TITLE = {Operads and chain rules for the calculus of functors},
   JOURNAL = {Ast\'erisque},
  FJOURNAL = {Ast\'erisque},
    NUMBER = {338},
      YEAR = {2011},
     PAGES = {vi+158},
      ISSN = {0303-1179},
      ISBN = {978-2-85629-308-9},
   MRCLASS = {55P65 (18D50 55P42 55P48 55U35)},
  MRNUMBER = {2840569 (2012i:55012)},
MRREVIEWER = {Beno\^ {\i}t Fresse},
}

@ARTICLE{Clark,
   AUTHOR= "C. Barwick",
   TITLE= "On the Dreaded Right Bousfield Localization"
}

@UNPUBLISHED{BeRe,
   AUTHOR= "M. Behrens and C.Rezk",
   TITLE="The Bousfield-Kuhn functor and topological Andre-Quillen cohomology",
   NOTE="Preprint, http://math.mit.edu/~mbehrens/papers/index.html."
}

@ARTICLE{Ch,
    AUTHOR="M. Ching",
    TITLE="Bar-cobar duality for operads in stable homotopy theory",
    JOURNAL="Journal of Topology 5", 
    PAGES="39--80",
    YEAR=2012
}

@UNPUBLISHED{Pe14,
   AUTHOR="L. A. Pereira",
   TITLE="Cofibrancy of operadic constructions in positive symmetric spectra",
   NOTE="submitted"
}

@ARTICLE{Ha09,
    AUTHOR = {Harper, John E.},
     TITLE = {Homotopy theory of modules over operads in symmetric spectra},
   JOURNAL = {Algebr. Geom. Topol.},
  FJOURNAL = {Algebraic \& Geometric Topology},
    VOLUME = {9},
      YEAR = {2009},
    NUMBER = {3},
     PAGES = {1637--1680},
      ISSN = {1472-2747},
   MRCLASS = {55P43 (55P48 55U35)},
  MRNUMBER = {2539191 (2011d:55019)},
MRREVIEWER = {Andrey Yu. Lazarev},
       DOI = {10.2140/agt.2009.9.1637},
       URL = {http://dx.doi.org.proxy.its.virginia.edu/10.2140/agt.2009.9.1637},
}

@article {MW07,
    AUTHOR = {Moerdijk, Ieke and Weiss, Ittay},
     TITLE = {Dendroidal sets},
   JOURNAL = {Algebr. Geom. Topol.},
  FJOURNAL = {Algebraic \& Geometric Topology},
    VOLUME = {7},
      YEAR = {2007},
     PAGES = {1441--1470},
      ISSN = {1472-2747},
   MRCLASS = {55P48 (18D10 18G30 55U10 55U40)},
  MRNUMBER = {2366165},
       DOI = {10.2140/agt.2007.7.1441},
       URL = {http://dx.doi.org/10.2140/agt.2007.7.1441},
}



@ARTICLE{ElmMan06,
    AUTHOR = {Elmendorf, A. D. and Mandell, M. A.},
     TITLE = {Rings, modules, and algebras in infinite loop space theory},
   JOURNAL = {Adv. Math.},
  FJOURNAL = {Advances in Mathematics},
    VOLUME = {205},
      YEAR = {2006},
    NUMBER = {1},
     PAGES = {163--228},
      ISSN = {0001-8708},
     CODEN = {ADMTA4},
   MRCLASS = {19D23 (18D10 55P43)},
  MRNUMBER = {2254311 (2007g:19001)},
MRREVIEWER = {J. P. C. Greenlees},
       DOI = {10.1016/j.aim.2005.07.007},
       URL = {http://dx.doi.org.proxy.its.virginia.edu/10.1016/j.aim.2005.07.007},
}



@ARTICLE{MMSS,
    AUTHOR = {Mandell, M. A. and May, J. P. and Schwede, S. and Shipley, B.},
     TITLE = {Model categories of diagram spectra},
   JOURNAL = {Proc. London Math. Soc. (3)},
  FJOURNAL = {Proceedings of the London Mathematical Society. Third Series},
    VOLUME = {82},
      YEAR = {2001},
    NUMBER = {2},
     PAGES = {441--512},
      ISSN = {0024-6115},
     CODEN = {PLMTAL},
   MRCLASS = {55P42 (18A25 18E30 55U35)},
  MRNUMBER = {1806878 (2001k:55025)},
MRREVIEWER = {Mark Hovey},
       DOI = {10.1112/S0024611501012692},
       URL = {http://dx.doi.org.proxy.its.virginia.edu/10.1112/S0024611501012692},
}

@INCOLLECTION{Sh04,
    AUTHOR = {Shipley, Brooke},
     TITLE = {A convenient model category for commutative ring spectra},
 BOOKTITLE = {Homotopy theory: relations with algebraic geometry, group
              cohomology, and algebraic {$K$}-theory},
    SERIES = {Contemp. Math.},
    VOLUME = {346},
     PAGES = {473--483},
 PUBLISHER = {Amer. Math. Soc., Providence, RI},
      YEAR = {2004},
   MRCLASS = {55P42 (55U35)},
  MRNUMBER = {2066511 (2005d:55014)},
MRREVIEWER = {Daniel C. Isaksen},
       DOI = {10.1090/conm/346/06300},
       URL = {http://dx.doi.org.proxy.its.virginia.edu/10.1090/conm/346/06300},
}

@ARTICLE{HaHe13,
    AUTHOR = {Harper, John E. and Hess, Kathryn},
     TITLE = {Homotopy completion and topological {Q}uillen homology of
              structured ring spectra},
   JOURNAL = {Geom. Topol.},
  FJOURNAL = {Geometry \& Topology},
    VOLUME = {17},
      YEAR = {2013},
    NUMBER = {3},
     PAGES = {1325--1416},
      ISSN = {1465-3060},
   MRCLASS = {55P43 (18G55 55P48 55U35)},
  MRNUMBER = {3073927},
MRREVIEWER = {Daniel A. Ramras},
       DOI = {10.2140/gt.2013.17.1325},
       URL = {http://dx.doi.org.proxy.its.virginia.edu/10.2140/gt.2013.17.1325},
}

@ARTICLE{HaCo15,
    AUTHOR = {Harper, John E.},
     TITLE = {Corrigendum to ``{H}omotopy theory of modules over operads in
              symmetric spectra'' [ {MR}2539191]},
   JOURNAL = {Algebr. Geom. Topol.},
  FJOURNAL = {Algebraic \& Geometric Topology},
    VOLUME = {15},
      YEAR = {2015},
    NUMBER = {2},
     PAGES = {1229--1237},
      ISSN = {1472-2747},
   MRCLASS = {55P43 (55P48 55U35)},
  MRNUMBER = {3342691},
       DOI = {10.2140/agt.2015.15.1229},
       URL = {http://dx.doi.org.proxy.its.virginia.edu/10.2140/agt.2015.15.1229},
}

@BOOK{Hi03,
    AUTHOR = {Hirschhorn, Philip S.},
     TITLE = {Model categories and their localizations},
    SERIES = {Mathematical Surveys and Monographs},
    VOLUME = {99},
 PUBLISHER = {American Mathematical Society, Providence, RI},
      YEAR = {2003},
     PAGES = {xvi+457},
      ISBN = {0-8218-3279-4},
   MRCLASS = {18G55 (55P60 55U35)},
  MRNUMBER = {1944041 (2003j:18018)},
MRREVIEWER = {David A. Blanc},
}

@BOOK{Ri14,
    AUTHOR = {Riehl, Emily},
     TITLE = {Categorical homotopy theory},
    SERIES = {New Mathematical Monographs},
    VOLUME = {24},
 PUBLISHER = {Cambridge University Press, Cambridge},
      YEAR = {2014},
     PAGES = {xviii+352},
      ISBN = {978-1-107-04845-4},
   MRCLASS = {18G55 (18D20 55U35)},
  MRNUMBER = {3221774},
MRREVIEWER = {David A. Blanc},
       DOI = {10.1017/CBO9781107261457},
       URL = {http://dx.doi.org.proxy.its.virginia.edu/10.1017/CBO9781107261457},
}

@ARTICLE{HSS,
    AUTHOR = {Hovey, Mark and Shipley, Brooke and Smith, Jeff},
     TITLE = {Symmetric spectra},
   JOURNAL = {J. Amer. Math. Soc.},
  FJOURNAL = {Journal of the American Mathematical Society},
    VOLUME = {13},
      YEAR = {2000},
    NUMBER = {1},
     PAGES = {149--208},
      ISSN = {0894-0347},
   MRCLASS = {55P42 (18D10 18D50 18G30 18G55 55U10 55U35)},
  MRNUMBER = {1695653 (2000h:55016)},
MRREVIEWER = {J. P. C. Greenlees},
       DOI = {10.1090/S0894-0347-99-00320-3},
       URL = {http://dx.doi.org.proxy.its.virginia.edu/10.1090/S0894-0347-99-00320-3},
}

@ARTICLE{SS00,
    AUTHOR = {Schwede, Stefan and Shipley, Brooke E.},
     TITLE = {Algebras and modules in monoidal model categories},
   JOURNAL = {Proc. London Math. Soc. (3)},
  FJOURNAL = {Proceedings of the London Mathematical Society. Third Series},
    VOLUME = {80},
      YEAR = {2000},
    NUMBER = {2},
     PAGES = {491--511},
      ISSN = {0024-6115},
     CODEN = {PLMTAL},
   MRCLASS = {18D10 (18D50 55P48 55U35)},
  MRNUMBER = {1734325 (2001c:18006)},
MRREVIEWER = {Mark Hovey},
       DOI = {10.1112/S002461150001220X},
       URL = {http://dx.doi.org.proxy.its.virginia.edu/10.1112/S002461150001220X},
}

@UNPUBLISHED{Sch97,
    AUTHOR = {Schwede, Stefan},
     TITLE = {An untitled book project about symmetric spectra},
      YEAR = {1997},
	NOTE = {Available at:  \texttt{www.math.uni-bonn.de/people/schwede/SymSpec.pdf}}
}

@BOOK{Hov98,
    AUTHOR = {Hovey, Mark},
     TITLE = {Model categories},
    SERIES = {Mathematical Surveys and Monographs},
    VOLUME = {63},
 PUBLISHER = {American Mathematical Society, Providence, RI},
      YEAR = {1999},
     PAGES = {xii+209},
      ISBN = {0-8218-1359-5},
   MRCLASS = {55U35 (18D15 18G30 18G55)},
  MRNUMBER = {1650134 (99h:55031)},
MRREVIEWER = {Teimuraz Pirashvili},
}






@UNPUBLISHED{Wh14,
       AUTHOR="D. White",
       TITLE="Model structures on commutative monoids in general model categories",
       NOTE = {Available at:  \texttt{http://arxiv.org/abs/1403.6759}},
       YEAR=2014
}



@ARTICLE{Ho01,
       AUTHOR="M. Hovey",
       TITLE="Spectra and symmetric spectra in general model categories",
       JOURNAL="J. Pure Appl. Alg.",
       YEAR=2001
}

@BOOK{GJ,
    AUTHOR = {Goerss, Paul G. and Jardine, John F.},
     TITLE = {Simplicial homotopy theory},
    SERIES = {Modern Birkh\"auser Classics},
      NOTE = {Reprint of the 1999 edition [MR1711612]},
 PUBLISHER = {Birkh\"auser Verlag, Basel},
      YEAR = {2009},
     PAGES = {xvi+510},
      ISBN = {978-3-0346-0188-7},
   MRCLASS = {55U10 (18G55)},
  MRNUMBER = {2840650},
       DOI = {10.1007/978-3-0346-0189-4},
       URL = {http://dx.doi.org.proxy.its.virginia.edu/10.1007/978-3-0346-0189-4},
}

@ARTICLE{RiVe13,
    AUTHOR = {Riehl, Emily and Verity, Dominic},
     TITLE = {The theory and practice of {R}eedy categories},
   JOURNAL = {Theory Appl. Categ.},
  FJOURNAL = {Theory and Applications of Categories},
    VOLUME = {29},
      YEAR = {2014},
     PAGES = {256--301},
      ISSN = {1201-561X},
   MRCLASS = {55U35 (18D10 18G30)},
  MRNUMBER = {3217884},
MRREVIEWER = {David A. Blanc},
}

@BOOK{McL,
    AUTHOR = {Mac Lane, Saunders},
     TITLE = {Categories for the working mathematician},
    SERIES = {Graduate Texts in Mathematics},
    VOLUME = {5},
   EDITION = {Second},
 PUBLISHER = {Springer-Verlag, New York},
      YEAR = {1998},
     PAGES = {xii+314},
      ISBN = {0-387-98403-8},
   MRCLASS = {18-02},
  MRNUMBER = {1712872 (2001j:18001)},
}

@UNPUBLISHED{WhYa15,
        AUTHOR="D. White and D. Yau",
        TITLE="Bousfield localization and algebras over colored operads",
        NOTE = {Available at:  \texttt{http://arxiv.org/abs/1503.06720}},
        YEAR = "2015"
}


@UNPUBLISHED{Ha14,
        AUTHOR="M. Hausmann",
        TITLE="G-symmetric spectra, semistability and the multiplicative norm",
        NOTE = {Available at:  \texttt{http://http://arxiv.org/abs/1411.2290}},
        YEAR = "2014"
}

@UNPUBLISHED{Pereira14,
        AUTHOR="L. Pereira",
        TITLE="Cofibrancy of operadic constructions in positive symmetric spectra",
        YEAR = "2014"
}

@PHDTHESIS{Weiss07,
	AUTHOR = "I. Weiss",
	TITLE = "Dendroidal Sets",
	SCHOOL = {University of Utrecht},
	YEAR = "2007"
}

@UNPUBLISHED{BPIntro,
        AUTHOR="Bonventre, P and L. Pereira",
        TITLE="An Introduction to Equivariant Trees",
        YEAR = "2016",
	NOTE = "Preprint"
}

@ARTICLE{BlHi,
    AUTHOR = {Andrew, Blumberg and Hill, Mike},
     TITLE = {N infinity operads},
}

@ARTICLE{BeMo08,
    AUTHOR = {Berger and Moerdijk},
     TITLE = {On an extension of the notion of Reedy Category},
}

@ARTICLE{MoWe,
    AUTHOR = {Mo and Weiss},
     TITLE = {On inner Kan complexes in the category of dendroidal sets},
}

@ARTICLE{CiMo14,
    AUTHOR = {Cisinski,Denis-Charles and Moerdijk, Ieke},
     TITLE = {Dendroidal sets as models for homotopy operads},
}

@article {We12,
    AUTHOR = {Weiss},
     TITLE = {Broad posets, trees, and the dendroidal category},
}

@article {HHM,
    AUTHOR = {Heuts, Hinich, Moerdijk},
     TITLE = {On a comparison between whatever},
}

@book{Lu,
    AUTHOR = {Lurie},
     TITLE = {Higher Topos Theory},
}
